@article{zero-mode_detection,
    title={Photodiode working in zero-mode: Detecting light power change with {DC} rejection and {AC} Amplification},
    volume={29},
    DOI={10.1364/oe.426503},
    number={12},
    journal={Optics Express},
    author={Wei, Yuan and Lehmann, Torsten and Silvestri, Leonardo and Wang, Han and Ladouceur, Francois},
    year={2021},
    pages={18915}
} 

@article{OptrodeProceesings, 
title={Optically measuring nerve activity based on an electro-optical detection system}, 
DOI={10.1117/12.2540053}, 
journal={Biophotonics Australasia 2019}, 
author={Wei, Yuan and Al Abed, Amr and Gouailhardou, Nathalie and Wang, Han and Lei, Xinyue and Ladouceur, Francois J. and Lehmann, Torsten and Lovell, Nigel H. and Silvestri, Leonardo}, 
year={2019}} 

@article{OptrodeTransducer, title={Liquid Crystal Electro-optical transducers for Electrophysiology Sensing Applications}, volume={19}, DOI={10.1088/1741-2552/ac8ed6}, number={5}, journal={Journal of Neural Engineering}, author={Al Abed, Amr and Wei, Yuan and Almasri, Reem M and Lei, Xinyue and Wang, Han and Firth, Josiah and Chen, Yingge and Gouailhardou, Nathalie and Silvestri, Leonardo and Lehmann, Torsten and et al.}, year={2022}, pages={056031}} 

@article{ImpedanceOfOptrode, title={Impedance properties of multi-optrode biopotential sensing arrays}, volume={69}, DOI={10.1109/tbme.2021.3126849}, number={5}, journal={IEEE Transactions on Biomedical Engineering}, author={Almasri, Reem M. and Abed, Amr Al and Wei, Yuan and Wang, Han and Firth, Josiah and Poole-Warren, Laura A. and Ladouceur, Francois and Lehmann, Torsten and Lovell, Nigel H.}, year={2022}, pages={1674–1684}} 

@article{OptrodeArray, title={A biopotential optrode array: Operation principles and simulations}, volume={8}, DOI={10.1038/s41598-018-20182-x}, number={1}, journal={Scientific Reports}, author={Al Abed, Amr and Srinivas, Hrishikesh and Firth, Josiah and Ladouceur, François and Lovell, Nigel H. and Silvestri, Leonardo}, year={2018}} 

@book{WienerFilter, place={Hoboken, NJ}, title={Algorithms for communications systems and their applications}, publisher={Wiley}, author={Benvenuto, Nevio and Tomasin, Stefano and Cherubini, Giovanni}, year={2021}} 

@article{ANCHeadphone, title={Active noise cancellation for in-ear headphones implemented on {FPGA}}, DOI={10.1109/iccons.2017.8250533}, journal={2017 International Conference on Intelligent Computing and Control Systems (ICICCS)}, author={Reshma, B. and Kiran, K. A.}, year={2017}, month={Jun}} 

@article{LowNoiseCurrentSource, title={Ultra-stable, Low-noise two-stage current source concept for electronics and Laser Applications}, volume={11}, DOI={10.1049/iet-cds.2016.0489}, number={6}, journal={IET Circuits, Devices \& Systems}, author={Dudzik, Grzegorz}, year={2017}, pages={613–617}} 

@article{LCVsensor, title={Polymer-dispersed liquid-crystal voltage sensor}, volume={45}, DOI={10.1364/ao.45.003482}, number={15}, journal={Applied Optics}, author={Scherschener, Elizabeth and Perciante, César D. and Dalchiele, Enrique A. and Frins, Erna M. and Korn, Matthias and Ferrari, José A.}, year={2006}, pages={3482}} 

@article{ANC_Car, title={Spatial noise cancellation inside cars: Performance Analysis and Experimental Results}, DOI={10.1109/waspaa.2015.7336947}, journal={2015 IEEE Workshop on Applications of Signal Processing to Audio and Acoustics (WASPAA)}, author={Chen, Hanchi and Samarasinghe, Prasanga and Abhayapala, Thushara D. and Zhang, Wen}, year={2015}, month={Oct}} 

@article{ANC_Headphone_1, title={Integrated Active Noise Control Communication headsets}, DOI={10.1109/iscas.2003.1205846}, journal={Proceedings of the 2003 International Symposium on Circuits and Systems, 2003. ISCAS ’03.}, author={Gan, W.S. and Kuo, S.M.}, year={2003}, month={May}} 

@article{ANC_Headphone_2, title={Active noise control system for headphone applications}, volume={14}, DOI={10.1109/tcst.2005.863667}, number={2}, journal={IEEE Transactions on Control Systems Technology}, author={Kuo, S.M. and Mitra, S. and Woon-Seng Gan}, year={2006}, month={Mar}, pages={331–335}} 

@article{ANC_RF, title={Wideband Balun-{LNA} with simultaneous output balancing, noise-canceling and distortion-canceling}, volume={43}, DOI={10.1109/jssc.2008.922736}, number={6}, journal={IEEE Journal of Solid-State Circuits}, author={Blaakmeer, Stephan C. and Klumperink, Eric A. and Leenaerts, Domine M. and Nauta, Bram}, year={2008}, month={Jun}, pages={1341–1350}} 

@article{ANC_Wiener_1, title={Efficient adaptive nonlinear filters for Nonlinear Active Noise Control}, volume={54}, DOI={10.1109/tcsi.2006.887636}, number={3}, journal={IEEE Transactions on Circuits and Systems I: Regular Papers}, author={Zhou, Dayong and DeBrunner, Victor}, year={2007}, month={Mar}, pages={669–681}} 

@article{ANC_Wiener_2, title={Real-time acoustic noise canceling technique on innovations-based inverse Kepstrum and {FIR} {RLS}}, DOI={10.1109/isic.2010.5612882}, journal={2010 IEEE International Symposium on Intelligent Control}, author={Jeong, Jinsoo}, year={2010}, month={Sep}} 

@article{ANC_Wiener_3, title={Adaptive wiener filter for speech enhancement}, DOI={10.1109/icomicon.2017.8279110}, journal={2017 International Conference on Information, Communication, Instrumentation and Control (ICICIC)}, author={Yelwande, Aishwarya and Kansal, Sarita and Dixit, Ansha}, year={2017}} 

@article{ANC_Headphone_3, title={Active noise cancellation for in-ear headphones implemented on FPGA}, DOI={10.1109/iccons.2017.8250533}, journal={2017 International Conference on Intelligent Computing and Control Systems (ICICCS)}, author={Reshma, B. and Kiran, K. A.}, year={2017}} 

@article{Du_2018, title={Design of high precision and wide range current source based on Microcontroller}, DOI={10.1109/imcec.2018.8469519}, journal={2018 2nd IEEE Advanced Information Management,Communicates,Electronic and Automation Control Conference (IMCEC)}, author={Du, Yidong}, year={2018}} 

@article{LinewidthQuantumCascadeLaser, title={Linewidth of a quantum-cascade laser assessed from its frequency noise spectrum and impact of the current driver}, volume={109}, DOI={10.1007/s00340-012-5005-x}, number={3}, journal={Applied Physics B}, author={Tombez, L. and Schilt, S. and Di Francesco, J. and Führer, T. and Rein, B. and Walther, T. and Di Domenico, G. and Hofstetter, D. and Thomann, P.}, year={2012}, pages={407–414}} 

@misc{TI_2019, url={https://www.ti.com/lit/an/sboa310a/sboa310a.pdf}, journal={High-side current-sensing circuit design}, author={TI}, year={2019}} 

@inbook{WienerPaper, place={Cambridge, MA}, title={The Linear Predictor and Filter for Multiple Time Series }, booktitle={Extrapolation, interpolation, and smoothing of Stationary time series: With engineering applications}, publisher={Technology Press of the Massachusetts Institute of Technology}, author={Wiener, Norbert}, year={1964}} 

@misc{SPIMaster, title={SPI\_Master\_With\_Single\_CS}, url={https://github.com/nandland/spi-master/tree/master/Verilog/source}, journal={GitHub}, author={merrick, russell}} 

@article{MoreOptrode_1, title={A 3D glass optrode array for optical neural stimulation}, volume={3}, DOI={10.1364/boe.3.003087}, number={12}, journal={Biomedical Optics Express}, author={Abaya, T.V.F. and Blair, S. and Tathireddy, P. and Rieth, L. and Solzbacher, F.}, year={2012}, pages={3087}} 

@article{MoreOptrode_2, title={An integrated μled Optrode for optogenetic stimulation and electrical recording}, volume={60}, DOI={10.1109/tbme.2012.2217395}, number={1}, journal={IEEE Transactions on Biomedical Engineering}, author={Cao, Hung and Gu, Ling and Mohanty, S. K. and Chiao, J.-C.}, year={2013}, pages={225–229}} 

@article{MoreOptrode_3, title={Multisite microled optrode array for neural interfacing}, volume={6}, DOI={10.1117/1.nph.6.3.035010}, number={03}, journal={Neurophotonics}, author={McAlinden, Niall and Cheng, Yunzhou and Scharf, Robert and Xie, Enyuan and Gu, Erdan and Reiche, Christopher F. and Sharma, Rohit and Tathireddy, Prashant and Tathireddy, Prashant and Rieth, Loren and et al.}, year={2019}, pages={1}} 

@article{MoreOptrode_4, title={Three-dimensional drivable OPTRODE array for high-resolution neural stimulations and recordings in multiple brain regions}, volume={131}, DOI={10.1016/j.bios.2019.01.019}, journal={Biosensors and Bioelectronics}, author={Wang, Ming-Hao and Gu, Xiao-Wei and Ji, Bo-Wen and Wang, Long-Chun and Guo, Zhe-Jun and Yang, Bin and Wang, Xiao-Lin and Li, Cheng-Yu and Liu, Jing-Quan}, year={2019}, pages={9–16}} 

@article{MoreOptrode_5, title={A coaxial optrode as multifunction write-read probe for Optogenetic Studies in non-human primates}, volume={219}, DOI={10.1016/j.jneumeth.2013.06.011}, number={1}, journal={Journal of Neuroscience Methods}, author={Ozden, Ilker and Wang, Jing and Lu, Yao and May, Travis and Lee, Joonhee and Goo, Werapong and O’Shea, Daniel J. and Kalanithi, Paul and Diester, Ilka and Diagne, Mohamed and et al.}, year={2013}, pages={142–154}} 

@misc{MixPCB, title={What are the basic guidelines for layout design of mixed-signal PCBS?}, url={https://www.analog.com/en/analog-dialogue/articles/what-are-the-basic-guidelines-for-layout-design-of-mixed-signal-pcbs.html}, journal={Analog Devices}, author={Chesser, Kevin and Porley, May}, year={2023}, month={Feb}} 

@misc{MixPCB_2, url={https://resources.pcb.cadence.com/blog/2022-mixed-signal-pcb-design-guidelines-for-circuit-board-layout}, journal={Cadence}, year={2023}, month={Aug}} 

@misc{MixPCB_3, url={https://resources.altium.com/p/mixed-signal-pcb-design-guidelines}, journal={Altium}, year={2023}, month={Jun}} 

@article{OptrodePower, title={A bi-directional detection and stimulation optrode system with charge balancing for neural applications}, volume={41}, DOI={10.1109/jlt.2023.3250827}, number={13}, journal={Journal of Lightwave Technology}, author={Wei, Yuan and Wang, Han and Al Abed, Amr and Almasri, Reem M. and Lei, Xinyue and Firth, Josiah and Silvestri, Leonardo and Ladouceur, François and Lehmann, Torsten and Lovell, Nigel H.}, year={2023}, pages={4463–4472}} 

@misc{Flyin, url={https://www.opticres.com/Index/index.html}, journal={Flyin Optronics Co.,ltd - official site}, author={Sales@opticres.com}} 

@article{TIA_1, title={A wide-band low-noise monolithic Transimpedance amplifier}, volume={21}, DOI={10.1109/jssc.1986.1052567}, number={4}, journal={IEEE Journal of Solid-State Circuits}, author={Meyer, R.G. and Blauschild, R.A.}, year={1986}, pages={530–533}} 

@article{TIA_2, title={Overcoming the transimpedance limit: A tutorial on design of low-noise tia}, volume={69}, DOI={10.1109/tcsii.2022.3173155}, number={6}, journal={IEEE Transactions on Circuits and Systems II: Express Briefs}, author={Li, Dan and Geng, Li and Maloberti, Franco and Svelto, Francesco}, year={2022}, pages={2648–2653}} 

@article{TIA_3, title={Low-noise, high-gain transimpedance amplifier integrated with SIAPD for low-intensity near-infrared light detection}, volume={14}, DOI={10.1109/jsen.2013.2282624}, number={1}, journal={IEEE Sensors Journal}, author={Kamrani, Ehsan and Lesage, Frederic and Sawan, Mohamad}, year={2014}, pages={258–269}} 

@article{SLDNoise, title={Quantum noise in superluminescent diodes}, volume={22}, DOI={10.1109/jqe.1986.1072985}, number={4}, journal={IEEE Journal of Quantum Electronics}, author={Yurek, A. and Taylor, H. and Goldberg, L. and Weller, J. and Dandridge, A.}, year={1986}, pages={522–527}} 